@article{gradle_vs_maven,
    title = {Software Build Automation Tools a Comparative Study between Maven, Gradle, Bazel and Ant},
    author = {Prakash, Mridula},
    journal = {International Journal of Software Engineering \& Applications. DOI: https://doi. org/10.5121/ijsea},
    year = {2022}
}

@online{detailed_comprasion,
    author = {Anish Antony},
    title = {A Detailed Comparison of Maven vs Gradle},
    date = {26.05.2024},
    url = {urhttps://medium.com/javarevisited/a-detailed-comparison-of-maven-vs-gradle-9c8c444c057c},
}

@online{plugin_java,
    author = {Gradle},
    title = {java plugin},
    date = {26.04.2024},
    url = {https://docs.gradle.org/current/userguide/java_plugin.html#java_plugin},
}

@online{organize_gradle_project,
    author = {Gradle},
    title = {Gradle project},
    date = {26.04.2024},
    url = {https://docs.gradle.org/current/userguide/organizing_gradle_projects.html},
}

@online{test_gradle,
    author = {Gradle},
    title = {Testing gradle project},
    date = {26.04.2024},
    url = {https://docs.gradle.org/current/samples/sample_jvm_multi_project_with_additional_test_types.html},
}

@online{prog_in_ruby,
    author = {Kerry Doyle},
    title = {Programming in Ruby: A critical look at the pros and cons},
    date = {26.04.2024},
    url = {https://www.techtarget.com/searchapparchitecture/tip/Programming-in-Ruby-A-critical-look-at-the-pros-and-cons},
}


@online{spring_boot_gradle,
    author = {Spring},
    title = {Справочное руководство по плагину Spring Boot Gradle},
    date = {26.04.2024},
    url = {https://docs.spring.io/spring-boot/docs/current/gradle-plugin/reference/htmlsingle/},
}

@online{gradle_perfomance,
    author = {Gradle},
    title = {Gradle Perfomance},
    date = {26.04.2024},
    url = {https://docs.gradle.org/current/userguide/performance.html} }

@book{BFF,
    author = {Sam Newman},
    title = {Building Mircoservices},
    pages = {600},
    publisher = {O`reilly},
    year = {2015},
}

@online{spirng_gateway,
    author = {Spring},
    title = {Spring Cloud Gateway},
    date = {25.04.2024},
    url = {https://cloud.spring.io/spring-cloud-gateway},
}
@book{microservice_pattern,
    title={Microservices patterns: with examples in Java},
    author={Richardson, Chris},
    year={2018},
    publisher={Simon and Schuster}
}
@online{circuit_breaker,
    author = {Chris Richardson},
    title = {Pattern: Circuit Breaker},
    date = {25.04.2024},
    url = {https://microservices.io/patterns/reliability/circuit-breaker.html},
}
